% References


@article{DBLP:journals/tcs/Girard87,
  author    = {Jean{-}Yves Girard},
  title     = {Linear Logic},
  journal   = {Theor. Comput. Sci.},
  volume    = {50},
  pages     = {1--102},
  year      = {1987}
}


@book{prawitznd65,
 author = {Dag Prawitz},
 title = {Natural Deduction},
 publisher = {Almquist \& Wiksell},
 year = {1965}
}


@article{DBLP:journals/mscs/CairesPT16,
  author    = {Lu{\'{\i}}s Caires and
               Frank Pfenning and
               Bernardo Toninho},
  title     = {Linear logic propositions as session types},
  journal   = {Mathematical Structures in Computer Science},
  volume    = {26},
  number    = {3},
  pages     = {367--423},
  year      = {2016}
}


@inproceedings{DBLP:conf/concur/CairesP10,
  author    = {Lu{\'{\i}}s Caires and
               Frank Pfenning},
  title     = {Session Types as Intuitionistic Linear Propositions},
  booktitle = {{CONCUR} 2010},
  pages     = {222--236},
  year      = {2010}
}


@article{DBLP:journals/jfp/Wadler14,
  author    = {Philip Wadler},
  title     = {Propositions as sessions},
  journal   = {J. Funct. Program.},
  volume    = {24},
  number    = {2-3},
  pages     = {384--418},
  year      = {2014}
}

@inproceedings{DBLP:conf/cade/ChaudhuriP05,
  author    = {Kaustuv Chaudhuri and
               Frank Pfenning},
  title     = {A Focusing Inverse Method Theorem Prover for First-Order Linear Logic},
  booktitle = {Automated Deduction - CADE-20, 20th International Conference on Automated
               Deduction, Tallinn, Estonia, July 22-27, 2005, Proceedings},
  pages     = {69--83},
  year      = {2005},
  url       = {https://doi.org/10.1007/11532231\_6},
  doi       = {10.1007/11532231\_6},
  timestamp = {Tue, 14 May 2019 10:00:39 +0200},
  biburl    = {https://dblp.org/rec/bib/conf/cade/ChaudhuriP05},
  bibsource = {dblp computer science bibliography, https://dblp.org}
}

@article{DBLP:journals/tcs/LiangM09,
  author    = {Chuck Liang and
               Dale Miller},
  title     = {Focusing and polarization in linear, intuitionistic, and classical
               logics},
  journal   = {Theor. Comput. Sci.},
  volume    = {410},
  number    = {46},
  pages     = {4747--4768},
  year      = {2009},
  url       = {https://doi.org/10.1016/j.tcs.2009.07.041},
  doi       = {10.1016/j.tcs.2009.07.041},
  timestamp = {Sun, 12 Nov 2017 16:01:31 +0100},
  biburl    = {https://dblp.org/rec/bib/journals/tcs/LiangM09},
  bibsource = {dblp computer science bibliography, https://dblp.org}
}

@inproceedings{DBLP:conf/lics/LiangM09,
  author    = {Chuck Liang and
               Dale Miller},
  title     = {A Unified Sequent Calculus for Focused Proofs},
  booktitle = {Proceedings of the 24th Annual {IEEE} Symposium on Logic in Computer
               Science, {LICS} 2009, 11-14 August 2009, Los Angeles, CA, {USA}},
  pages     = {355--364},
  year      = {2009},
  url       = {https://doi.org/10.1109/LICS.2009.47},
  doi       = {10.1109/LICS.2009.47},
  timestamp = {Sun, 12 Nov 2017 16:01:30 +0100},
  biburl    = {https://dblp.org/rec/bib/conf/lics/LiangM09},
  bibsource = {dblp computer science bibliography, https://dblp.org}
}

@article{10.1093/logcom/2.3.297,
    author = {Andreoli, Jean-Marc},
    title = "{Logic Programming with Focusing Proofs in Linear Logic}",
    journal = {Journal of Logic and Computation},
    volume = {2},
    number = {3},
    pages = {297-347},
    year = {1992},
    month = {06},
    issn = {0955-792X},
    doi = {10.1093/logcom/2.3.297},
    url = {https://doi.org/10.1093/logcom/2.3.297},
    }

@article{DBLP:journals/tcs/CervesatoHP00,
  author    = {Iliano Cervesato and
               Joshua S. Hodas and
               Frank Pfenning},
  title     = {Efficient resource management for linear logic proof search},
  journal   = {Theor. Comput. Sci.},
  volume    = {232},
  number    = {1-2},
  pages     = {133--163},
  year      = {2000},
  url       = {https://doi.org/10.1016/S0304-3975(99)00173-5},
  doi       = {10.1016/S0304-3975(99)00173-5},
  timestamp = {Sun, 28 May 2017 13:20:00 +0200},
  biburl    = {https://dblp.org/rec/bib/journals/tcs/CervesatoHP00},
  bibsource = {dblp computer science bibliography, https://dblp.org}
}

@inproceedings{DBLP:conf/lics/CervesatoP97,
  author    = {Iliano Cervesato and
               Frank Pfenning},
  title     = {Linear Higher-Order Pre-Unification},
  booktitle = {Proceedings, 12th Annual {IEEE} Symposium on Logic in Computer Science,
               Warsaw, Poland, June 29 - July 2, 1997},
  pages     = {422--433},
  year      = {1997},
  url       = {https://doi.org/10.1109/LICS.1997.614967},
  doi       = {10.1109/LICS.1997.614967},
  timestamp = {Thu, 25 May 2017 00:42:40 +0200},
  biburl    = {https://dblp.org/rec/bib/conf/lics/CervesatoP97},
  bibsource = {dblp computer science bibliography, https://dblp.org}
}

@inproceedings{DBLP:conf/pldi/KnothWP019,
  author    = {Tristan Knoth and
               Di Wang and
               Nadia Polikarpova and
               Jan Hoffmann},
  title     = {Resource-guided program synthesis},
  booktitle = {Proceedings of the 40th {ACM} {SIGPLAN} Conference on Programming
               Language Design and Implementation, {PLDI} 2019, Phoenix, AZ, USA,
               June 22-26, 2019.},
  pages     = {253--268},
  year      = {2019},
  url       = {https://doi.org/10.1145/3314221.3314602},
  doi       = {10.1145/3314221.3314602},
  timestamp = {Sun, 09 Jun 2019 19:00:05 +0200},
  biburl    = {https://dblp.org/rec/bib/conf/pldi/KnothWP019},
  bibsource = {dblp computer science bibliography, https://dblp.org}
}



@inproceedings{DBLP:conf/lopstr/HughesO20,
  author    = {Jack Hughes and
               Dominic Orchard},
  editor    = {Maribel Fern{\'{a}}ndez},
  title     = {Resourceful Program Synthesis from Graded Linear Types},
  booktitle = {Logic-Based Program Synthesis and Transformation - 30th International
               Symposium, {LOPSTR} 2020, Bologna, Italy, September 7-9, 2020, Proceedings},
  series    = {Lecture Notes in Computer Science},
  volume    = {12561},
  pages     = {151--170},
  publisher = {Springer},
  year      = {2020},
  url       = {https://doi.org/10.1007/978-3-030-68446-4\_8},
  doi       = {10.1007/978-3-030-68446-4\_8},
  timestamp = {Tue, 02 Mar 2021 11:26:26 +0100},
  biburl    = {https://dblp.org/rec/conf/lopstr/HughesO20.bib},
  bibsource = {dblp computer science bibliography, https://dblp.org}
}

@inproceedings{DBLP:conf/pldi/PolikarpovaKS16,
  author    = {Nadia Polikarpova and
               Ivan Kuraj and
               Armando Solar{-}Lezama},
  title     = {Program synthesis from polymorphic refinement types},
  booktitle = {Proceedings of the 37th {ACM} {SIGPLAN} Conference on Programming
               Language Design and Implementation, {PLDI} 2016, Santa Barbara, CA,
               USA, June 13-17, 2016},
  pages     = {522--538},
  year      = {2016},
  url       = {https://doi.org/10.1145/2908080.2908093},
  doi       = {10.1145/2908080.2908093},
  timestamp = {Tue, 06 Nov 2018 16:59:30 +0100},
  biburl    = {https://dblp.org/rec/bib/conf/pldi/PolikarpovaKS16},
  bibsource = {dblp computer science bibliography, https://dblp.org}
}
@inproceedings{DBLP:conf/pldi/OseraZ15,
  author    = {Peter{-}Michael Osera and
               Steve Zdancewic},
  editor    = {David Grove and
               Stephen M. Blackburn},
  title     = {Type-and-example-directed program synthesis},
  booktitle = {Proceedings of the 36th {ACM} {SIGPLAN} Conference on Programming
               Language Design and Implementation, Portland, OR, USA, June 15-17,
               2015},
  pages     = {619--630},
  publisher = {{ACM}},
  year      = {2015},
  url       = {https://doi.org/10.1145/2737924.2738007},
  doi       = {10.1145/2737924.2738007},
  timestamp = {Thu, 04 Mar 2021 07:51:56 +0100},
  biburl    = {https://dblp.org/rec/conf/pldi/OseraZ15.bib},
  bibsource = {dblp computer science bibliography, https://dblp.org}
}

@inproceedings{DBLP:conf/popl/FrankleOWZ16,
  author    = {Jonathan Frankle and
               Peter{-}Michael Osera and
               David Walker and
               Steve Zdancewic},
  editor    = {Rastislav Bod{\'{\i}}k and
               Rupak Majumdar},
  title     = {Example-directed synthesis: a type-theoretic interpretation},
  booktitle = {Proceedings of the 43rd Annual {ACM} {SIGPLAN-SIGACT} Symposium on
               Principles of Programming Languages, {POPL} 2016, St. Petersburg,
               FL, USA, January 20 - 22, 2016},
  pages     = {802--815},
  publisher = {{ACM}},
  year      = {2016},
  url       = {https://doi.org/10.1145/2837614.2837629},
  doi       = {10.1145/2837614.2837629},
  timestamp = {Tue, 06 Nov 2018 11:07:43 +0100},
  biburl    = {https://dblp.org/rec/conf/popl/FrankleOWZ16.bib},
  bibsource = {dblp computer science bibliography, https://dblp.org}
}

@article{DBLP:journals/pacmpl/PolikarpovaS19,
  author    = {Nadia Polikarpova and
               Ilya Sergey},
  title     = {Structuring the synthesis of heap-manipulating programs},
  journal   = {{PACMPL}},
  volume    = {3},
  number    = {{POPL}},
  pages     = {72:1--72:30},
  year      = {2019},
  url       = {https://doi.org/10.1145/3290385},
  doi       = {10.1145/3290385},
  timestamp = {Fri, 10 May 2019 11:01:57 +0200},
  biburl    = {https://dblp.org/rec/bib/journals/pacmpl/PolikarpovaS19},
  bibsource = {dblp computer science bibliography, https://dblp.org}
}

@article{DBLP:journals/cacm/Wadler15,
  author    = {Philip Wadler},
  title     = {Propositions as types},
  journal   = {Commun. {ACM}},
  volume    = {58},
  number    = {12},
  pages     = {75--84},
  year      = {2015},
  url       = {https://doi.org/10.1145/2699407},
  doi       = {10.1145/2699407},
  timestamp = {Wed, 14 Nov 2018 10:22:36 +0100},
  biburl    = {https://dblp.org/rec/journals/cacm/Wadler15.bib},
  bibsource = {dblp computer science bibliography, https://dblp.org}
}